%YAML 1.1
%TAG !u! tag:unity3d.com,2011:
--- !u!1 &1338664858515200504
GameObject:
  m_ObjectHideFlags: 0
  m_CorrespondingSourceObject: {fileID: 0}
  m_PrefabInstance: {fileID: 0}
  m_PrefabAsset: {fileID: 0}
  serializedVersion: 6
  m_Component:
  - component: {fileID: 1020550051560349593}
  - component: {fileID: 8068269640403161955}
  m_Layer: 0
  m_Name: WindingState
  m_TagString: Untagged
  m_Icon: {fileID: 0}
  m_NavMeshLayer: 0
  m_StaticEditorFlags: 0
  m_IsActive: 1
--- !u!4 &1020550051560349593
Transform:
  m_ObjectHideFlags: 0
  m_CorrespondingSourceObject: {fileID: 0}
  m_PrefabInstance: {fileID: 0}
  m_PrefabAsset: {fileID: 0}
  m_GameObject: {fileID: 1338664858515200504}
  serializedVersion: 2
  m_LocalRotation: {x: 0, y: 0, z: 0, w: 1}
  m_LocalPosition: {x: 0, y: 0, z: 0}
  m_LocalScale: {x: 1, y: 1, z: 1}
  m_ConstrainProportionsScale: 0
  m_Children: []
  m_Father: {fileID: 177745656489020209}
  m_LocalEulerAnglesHint: {x: 0, y: 0, z: 0}
--- !u!114 &8068269640403161955
MonoBehaviour:
  m_ObjectHideFlags: 0
  m_CorrespondingSourceObject: {fileID: 0}
  m_PrefabInstance: {fileID: 0}
  m_PrefabAsset: {fileID: 0}
  m_GameObject: {fileID: 1338664858515200504}
  m_Enabled: 1
  m_EditorHideFlags: 0
  m_Script: {fileID: 11500000, guid: 360334294282f214b8c7bfa92b81faed, type: 3}
  m_Name: 
  m_EditorClassIdentifier: 
  m_Transitions:
  - rid: 6766302732861833236
  m_OnStateStarted:
    m_PersistentCalls:
      m_Calls:
      - m_Target: {fileID: 2752076744662960634}
        m_TargetAssemblyTypeName: UnityEngine.GameObject, UnityEngine
        m_MethodName: SetActive
        m_Mode: 6
        m_Arguments:
          m_ObjectArgument: {fileID: 0}
          m_ObjectArgumentAssemblyTypeName: UnityEngine.Object, UnityEngine
          m_IntArgument: 0
          m_FloatArgument: 0
          m_StringArgument: 
          m_BoolArgument: 1
        m_CallState: 2
  m_OnStateFinished:
    m_PersistentCalls:
      m_Calls:
      - m_Target: {fileID: 2752076744662960634}
        m_TargetAssemblyTypeName: UnityEngine.GameObject, UnityEngine
        m_MethodName: SetActive
        m_Mode: 6
        m_Arguments:
          m_ObjectArgument: {fileID: 0}
          m_ObjectArgumentAssemblyTypeName: UnityEngine.Object, UnityEngine
          m_IntArgument: 0
          m_FloatArgument: 0
          m_StringArgument: 
          m_BoolArgument: 0
        m_CallState: 2
  references:
    version: 2
    RefIds:
    - rid: 6766302732861833236
      type: {class: SimpleTransition, ns: , asm: Assembly-CSharp}
      data:
        m_NextState: {fileID: 3460600942442800904}
        m_Condition:
          rid: 6766302732861833237
    - rid: 6766302732861833237
      type: {class: TimerCondition, ns: , asm: Assembly-CSharp}
      data:
        m_Time: {x: 3, y: 3}
--- !u!1 &2177119783007411972
GameObject:
  m_ObjectHideFlags: 0
  m_CorrespondingSourceObject: {fileID: 0}
  m_PrefabInstance: {fileID: 0}
  m_PrefabAsset: {fileID: 0}
  serializedVersion: 6
  m_Component:
  - component: {fileID: 4706910047349718895}
  - component: {fileID: 6527279738042528767}
  m_Layer: 0
  m_Name: EnemyLaserProjectile
  m_TagString: Untagged
  m_Icon: {fileID: 0}
  m_NavMeshLayer: 0
  m_StaticEditorFlags: 0
  m_IsActive: 1
--- !u!4 &4706910047349718895
Transform:
  m_ObjectHideFlags: 0
  m_CorrespondingSourceObject: {fileID: 0}
  m_PrefabInstance: {fileID: 0}
  m_PrefabAsset: {fileID: 0}
  m_GameObject: {fileID: 2177119783007411972}
  serializedVersion: 2
  m_LocalRotation: {x: 0, y: 0, z: 0, w: 1}
  m_LocalPosition: {x: 2.59, y: 1.94, z: 0}
  m_LocalScale: {x: 1, y: 1, z: 1}
  m_ConstrainProportionsScale: 0
  m_Children:
  - {fileID: 8610381155892360573}
  - {fileID: 177745656489020209}
  m_Father: {fileID: 0}
  m_LocalEulerAnglesHint: {x: 0, y: 0, z: 0}
--- !u!114 &6527279738042528767
MonoBehaviour:
  m_ObjectHideFlags: 0
  m_CorrespondingSourceObject: {fileID: 0}
  m_PrefabInstance: {fileID: 0}
  m_PrefabAsset: {fileID: 0}
  m_GameObject: {fileID: 2177119783007411972}
  m_Enabled: 1
  m_EditorHideFlags: 0
  m_Script: {fileID: 11500000, guid: 9efbccb48ad84a348a8a7fcdbcd58cbd, type: 3}
  m_Name: 
  m_EditorClassIdentifier: 
  m_ProjectileID: EnemyLaserProjectile
  m_BulletTimeout: 20
--- !u!1 &5719639040344071429
GameObject:
  m_ObjectHideFlags: 0
  m_CorrespondingSourceObject: {fileID: 0}
  m_PrefabInstance: {fileID: 0}
  m_PrefabAsset: {fileID: 0}
  serializedVersion: 6
  m_Component:
  - component: {fileID: 1656279808977606530}
  - component: {fileID: 3460600942442800904}
  m_Layer: 0
  m_Name: FireState
  m_TagString: Untagged
  m_Icon: {fileID: 0}
  m_NavMeshLayer: 0
  m_StaticEditorFlags: 0
  m_IsActive: 1
--- !u!4 &1656279808977606530
Transform:
  m_ObjectHideFlags: 0
  m_CorrespondingSourceObject: {fileID: 0}
  m_PrefabInstance: {fileID: 0}
  m_PrefabAsset: {fileID: 0}
  m_GameObject: {fileID: 5719639040344071429}
  serializedVersion: 2
  m_LocalRotation: {x: 0, y: 0, z: 0, w: 1}
  m_LocalPosition: {x: 0, y: 0, z: 0}
  m_LocalScale: {x: 1, y: 1, z: 1}
  m_ConstrainProportionsScale: 0
  m_Children: []
  m_Father: {fileID: 177745656489020209}
  m_LocalEulerAnglesHint: {x: 0, y: 0, z: 0}
--- !u!114 &3460600942442800904
MonoBehaviour:
  m_ObjectHideFlags: 0
  m_CorrespondingSourceObject: {fileID: 0}
  m_PrefabInstance: {fileID: 0}
  m_PrefabAsset: {fileID: 0}
  m_GameObject: {fileID: 5719639040344071429}
  m_Enabled: 1
  m_EditorHideFlags: 0
  m_Script: {fileID: 11500000, guid: 829d063237cc8e443ae900a16b94706a, type: 3}
  m_Name: 
  m_EditorClassIdentifier: 
  m_Transitions:
  - rid: 6766302732861833253
  m_OnStateStarted:
    m_PersistentCalls:
      m_Calls: []
  m_OnStateFinished:
    m_PersistentCalls:
      m_Calls:
      - m_Target: {fileID: 6527279738042528767}
        m_TargetAssemblyTypeName: ProjectileComponent, Assembly-CSharp
        m_MethodName: ReturnSelf
        m_Mode: 1
        m_Arguments:
          m_ObjectArgument: {fileID: 0}
          m_ObjectArgumentAssemblyTypeName: UnityEngine.Object, UnityEngine
          m_IntArgument: 0
          m_FloatArgument: 0
          m_StringArgument: 
          m_BoolArgument: 0
        m_CallState: 2
  m_BulletId: EnemyLaserActivePart
  m_Pattern: {fileID: 11400000, guid: e6799213ee0a737419fb964ad5340905, type: 2}
  m_ShotOffset: 0
  m_ShotsNumber: {x: 1, y: 1}
  m_ShotDelay: {x: 0, y: 0}
  m_BurstNumber: {x: 1, y: 1}
  m_BurstDelay: {x: 0, y: 0}
  m_StartShotDelay: 0
  m_StartAngle: {x: 0, y: 0}
  m_RotationSpeed: {x: 0, y: 0}
  m_WaitForShootingEnd: 1
  m_GlueProjectiles: 1
  m_UseParentRotationOnGlue: 0
  references:
    version: 2
    RefIds:
    - rid: -2
      type: {class: , ns: , asm: }
    - rid: 6766302732861833253
      type: {class: SimpleTransition, ns: , asm: Assembly-CSharp}
      data:
        m_NextState: {fileID: 0}
        m_Condition:
          rid: -2
--- !u!1 &7381389696830581391
GameObject:
  m_ObjectHideFlags: 0
  m_CorrespondingSourceObject: {fileID: 0}
  m_PrefabInstance: {fileID: 0}
  m_PrefabAsset: {fileID: 0}
  serializedVersion: 6
  m_Component:
  - component: {fileID: 177745656489020209}
  - component: {fileID: 154573646772892144}
  m_Layer: 0
  m_Name: FireSM
  m_TagString: Untagged
  m_Icon: {fileID: 0}
  m_NavMeshLayer: 0
  m_StaticEditorFlags: 0
  m_IsActive: 1
--- !u!4 &177745656489020209
Transform:
  m_ObjectHideFlags: 0
  m_CorrespondingSourceObject: {fileID: 0}
  m_PrefabInstance: {fileID: 0}
  m_PrefabAsset: {fileID: 0}
  m_GameObject: {fileID: 7381389696830581391}
  serializedVersion: 2
  m_LocalRotation: {x: 0, y: 0, z: 0, w: 1}
  m_LocalPosition: {x: 0, y: 0, z: 0}
  m_LocalScale: {x: 1, y: 1, z: 1}
  m_ConstrainProportionsScale: 0
  m_Children:
  - {fileID: 1020550051560349593}
  - {fileID: 1656279808977606530}
  m_Father: {fileID: 4706910047349718895}
  m_LocalEulerAnglesHint: {x: 0, y: 0, z: 0}
--- !u!114 &154573646772892144
MonoBehaviour:
  m_ObjectHideFlags: 0
  m_CorrespondingSourceObject: {fileID: 0}
  m_PrefabInstance: {fileID: 0}
  m_PrefabAsset: {fileID: 0}
  m_GameObject: {fileID: 7381389696830581391}
  m_Enabled: 1
  m_EditorHideFlags: 0
  m_Script: {fileID: 11500000, guid: 94acdbe370715e542855d79c3a8f8cce, type: 3}
  m_Name: 
  m_EditorClassIdentifier: 
  m_StartState: {fileID: 8068269640403161955}
  m_AutoPlay: 1
  m_AutoRestart: 0
  m_UpdateType: 2
  m_DrawGizmo: 1
--- !u!1001 &3452620622317965649
PrefabInstance:
  m_ObjectHideFlags: 0
  serializedVersion: 2
  m_Modification:
    serializedVersion: 3
    m_TransformParent: {fileID: 4706910047349718895}
    m_Modifications:
    - target: {fileID: 710296735310452907, guid: 7783e0a8ca43e6748b6c3bd8ddba7142, type: 3}
      propertyPath: m_Name
      value: EnemyLaserWinding
      objectReference: {fileID: 0}
    - target: {fileID: 710296735310452907, guid: 7783e0a8ca43e6748b6c3bd8ddba7142, type: 3}
      propertyPath: m_IsActive
      value: 0
      objectReference: {fileID: 0}
    - target: {fileID: 6382748714206569516, guid: 7783e0a8ca43e6748b6c3bd8ddba7142, type: 3}
      propertyPath: m_LocalPosition.x
      value: 0
      objectReference: {fileID: 0}
    - target: {fileID: 6382748714206569516, guid: 7783e0a8ca43e6748b6c3bd8ddba7142, type: 3}
      propertyPath: m_LocalPosition.y
      value: 0
      objectReference: {fileID: 0}
    - target: {fileID: 6382748714206569516, guid: 7783e0a8ca43e6748b6c3bd8ddba7142, type: 3}
      propertyPath: m_LocalPosition.z
      value: 0
      objectReference: {fileID: 0}
    - target: {fileID: 6382748714206569516, guid: 7783e0a8ca43e6748b6c3bd8ddba7142, type: 3}
      propertyPath: m_LocalRotation.w
      value: 1
      objectReference: {fileID: 0}
    - target: {fileID: 6382748714206569516, guid: 7783e0a8ca43e6748b6c3bd8ddba7142, type: 3}
      propertyPath: m_LocalRotation.x
      value: 0
      objectReference: {fileID: 0}
    - target: {fileID: 6382748714206569516, guid: 7783e0a8ca43e6748b6c3bd8ddba7142, type: 3}
      propertyPath: m_LocalRotation.y
      value: 0
      objectReference: {fileID: 0}
    - target: {fileID: 6382748714206569516, guid: 7783e0a8ca43e6748b6c3bd8ddba7142, type: 3}
      propertyPath: m_LocalRotation.z
      value: 0
      objectReference: {fileID: 0}
    - target: {fileID: 6382748714206569516, guid: 7783e0a8ca43e6748b6c3bd8ddba7142, type: 3}
      propertyPath: m_LocalEulerAnglesHint.x
      value: 0
      objectReference: {fileID: 0}
    - target: {fileID: 6382748714206569516, guid: 7783e0a8ca43e6748b6c3bd8ddba7142, type: 3}
      propertyPath: m_LocalEulerAnglesHint.y
      value: 0
      objectReference: {fileID: 0}
    - target: {fileID: 6382748714206569516, guid: 7783e0a8ca43e6748b6c3bd8ddba7142, type: 3}
      propertyPath: m_LocalEulerAnglesHint.z
      value: 0
      objectReference: {fileID: 0}
    m_RemovedComponents: []
    m_RemovedGameObjects: []
    m_AddedGameObjects: []
    m_AddedComponents: []
  m_SourcePrefab: {fileID: 100100000, guid: 7783e0a8ca43e6748b6c3bd8ddba7142, type: 3}
--- !u!1 &2752076744662960634 stripped
GameObject:
  m_CorrespondingSourceObject: {fileID: 710296735310452907, guid: 7783e0a8ca43e6748b6c3bd8ddba7142, type: 3}
  m_PrefabInstance: {fileID: 3452620622317965649}
  m_PrefabAsset: {fileID: 0}
--- !u!4 &8610381155892360573 stripped
Transform:
  m_CorrespondingSourceObject: {fileID: 6382748714206569516, guid: 7783e0a8ca43e6748b6c3bd8ddba7142, type: 3}
  m_PrefabInstance: {fileID: 3452620622317965649}
  m_PrefabAsset: {fileID: 0}
