%YAML 1.1
%TAG !u! tag:unity3d.com,2011:
--- !u!1 &6366945137516915306
GameObject:
  m_ObjectHideFlags: 0
  m_CorrespondingSourceObject: {fileID: 0}
  m_PrefabInstance: {fileID: 0}
  m_PrefabAsset: {fileID: 0}
  serializedVersion: 6
  m_Component:
  - component: {fileID: 5267602696587122982}
  - component: {fileID: 6691541561872325523}
  - component: {fileID: 8713727440543840482}
  - component: {fileID: 2031628006519732786}
  m_Layer: 0
  m_Name: LaserBulletRight
  m_TagString: Untagged
  m_Icon: {fileID: 0}
  m_NavMeshLayer: 0
  m_StaticEditorFlags: 0
  m_IsActive: 1
--- !u!4 &5267602696587122982
Transform:
  m_ObjectHideFlags: 0
  m_CorrespondingSourceObject: {fileID: 0}
  m_PrefabInstance: {fileID: 0}
  m_PrefabAsset: {fileID: 0}
  m_GameObject: {fileID: 6366945137516915306}
  serializedVersion: 2
  m_LocalRotation: {x: 0, y: 0, z: 0, w: 1}
  m_LocalPosition: {x: 3.7342982, y: 4.462245, z: -0.10713103}
  m_LocalScale: {x: 1, y: 1, z: 1}
  m_ConstrainProportionsScale: 0
  m_Children:
  - {fileID: 5689135107317286550}
  m_Father: {fileID: 0}
  m_LocalEulerAnglesHint: {x: 0, y: 0, z: 0}
--- !u!114 &6691541561872325523
MonoBehaviour:
  m_ObjectHideFlags: 0
  m_CorrespondingSourceObject: {fileID: 0}
  m_PrefabInstance: {fileID: 0}
  m_PrefabAsset: {fileID: 0}
  m_GameObject: {fileID: 6366945137516915306}
  m_Enabled: 1
  m_EditorHideFlags: 0
  m_Script: {fileID: 11500000, guid: ef164df9f778813459718e75c8f58ceb, type: 3}
  m_Name: 
  m_EditorClassIdentifier: 
  m_Velocity: 3
  m_Rigidbody: {fileID: 8713727440543840482}
--- !u!50 &8713727440543840482
Rigidbody2D:
  serializedVersion: 4
  m_ObjectHideFlags: 0
  m_CorrespondingSourceObject: {fileID: 0}
  m_PrefabInstance: {fileID: 0}
  m_PrefabAsset: {fileID: 0}
  m_GameObject: {fileID: 6366945137516915306}
  m_BodyType: 1
  m_Simulated: 1
  m_UseFullKinematicContacts: 0
  m_UseAutoMass: 0
  m_Mass: 1
  m_LinearDrag: 0
  m_AngularDrag: 0.05
  m_GravityScale: 1
  m_Material: {fileID: 0}
  m_IncludeLayers:
    serializedVersion: 2
    m_Bits: 0
  m_ExcludeLayers:
    serializedVersion: 2
    m_Bits: 0
  m_Interpolate: 0
  m_SleepingMode: 1
  m_CollisionDetection: 0
  m_Constraints: 4
--- !u!114 &2031628006519732786
MonoBehaviour:
  m_ObjectHideFlags: 0
  m_CorrespondingSourceObject: {fileID: 0}
  m_PrefabInstance: {fileID: 0}
  m_PrefabAsset: {fileID: 0}
  m_GameObject: {fileID: 6366945137516915306}
  m_Enabled: 1
  m_EditorHideFlags: 0
  m_Script: {fileID: 11500000, guid: 9efbccb48ad84a348a8a7fcdbcd58cbd, type: 3}
  m_Name: 
  m_EditorClassIdentifier: 
  m_ProjectileID: LaserBulletRight
  m_BulletTimeout: 20
--- !u!1001 &1280516150001917302
PrefabInstance:
  m_ObjectHideFlags: 0
  serializedVersion: 2
  m_Modification:
    serializedVersion: 3
    m_TransformParent: {fileID: 5267602696587122982}
    m_Modifications:
    - target: {fileID: 964022216508870582, guid: cd07f25aaf7cb3e4b8f59bf80329c8c3, type: 3}
      propertyPath: m_Name
      value: EnemyLaserActivePart
      objectReference: {fileID: 0}
    - target: {fileID: 6860830080774052832, guid: cd07f25aaf7cb3e4b8f59bf80329c8c3, type: 3}
      propertyPath: m_LocalPosition.x
      value: 0
      objectReference: {fileID: 0}
    - target: {fileID: 6860830080774052832, guid: cd07f25aaf7cb3e4b8f59bf80329c8c3, type: 3}
      propertyPath: m_LocalPosition.y
      value: 0
      objectReference: {fileID: 0}
    - target: {fileID: 6860830080774052832, guid: cd07f25aaf7cb3e4b8f59bf80329c8c3, type: 3}
      propertyPath: m_LocalPosition.z
      value: 0
      objectReference: {fileID: 0}
    - target: {fileID: 6860830080774052832, guid: cd07f25aaf7cb3e4b8f59bf80329c8c3, type: 3}
      propertyPath: m_LocalRotation.w
      value: 0.7071068
      objectReference: {fileID: 0}
    - target: {fileID: 6860830080774052832, guid: cd07f25aaf7cb3e4b8f59bf80329c8c3, type: 3}
      propertyPath: m_LocalRotation.x
      value: 0
      objectReference: {fileID: 0}
    - target: {fileID: 6860830080774052832, guid: cd07f25aaf7cb3e4b8f59bf80329c8c3, type: 3}
      propertyPath: m_LocalRotation.y
      value: 0
      objectReference: {fileID: 0}
    - target: {fileID: 6860830080774052832, guid: cd07f25aaf7cb3e4b8f59bf80329c8c3, type: 3}
      propertyPath: m_LocalRotation.z
      value: -0.7071068
      objectReference: {fileID: 0}
    - target: {fileID: 6860830080774052832, guid: cd07f25aaf7cb3e4b8f59bf80329c8c3, type: 3}
      propertyPath: m_LocalEulerAnglesHint.x
      value: 0
      objectReference: {fileID: 0}
    - target: {fileID: 6860830080774052832, guid: cd07f25aaf7cb3e4b8f59bf80329c8c3, type: 3}
      propertyPath: m_LocalEulerAnglesHint.y
      value: 0
      objectReference: {fileID: 0}
    - target: {fileID: 6860830080774052832, guid: cd07f25aaf7cb3e4b8f59bf80329c8c3, type: 3}
      propertyPath: m_LocalEulerAnglesHint.z
      value: -90
      objectReference: {fileID: 0}
    m_RemovedComponents: []
    m_RemovedGameObjects: []
    m_AddedGameObjects: []
    m_AddedComponents: []
  m_SourcePrefab: {fileID: 100100000, guid: cd07f25aaf7cb3e4b8f59bf80329c8c3, type: 3}
--- !u!4 &5689135107317286550 stripped
Transform:
  m_CorrespondingSourceObject: {fileID: 6860830080774052832, guid: cd07f25aaf7cb3e4b8f59bf80329c8c3, type: 3}
  m_PrefabInstance: {fileID: 1280516150001917302}
  m_PrefabAsset: {fileID: 0}
