%YAML 1.1
%TAG !u! tag:unity3d.com,2011:
--- !u!1 &1609362991757402971
GameObject:
  m_ObjectHideFlags: 0
  m_CorrespondingSourceObject: {fileID: 0}
  m_PrefabInstance: {fileID: 0}
  m_PrefabAsset: {fileID: 0}
  serializedVersion: 6
  m_Component:
  - component: {fileID: 4978159417215700319}
  - component: {fileID: 7556962645052885447}
  m_Layer: 8
  m_Name: MovementSM
  m_TagString: Untagged
  m_Icon: {fileID: 0}
  m_NavMeshLayer: 0
  m_StaticEditorFlags: 0
  m_IsActive: 1
--- !u!4 &4978159417215700319
Transform:
  m_ObjectHideFlags: 0
  m_CorrespondingSourceObject: {fileID: 0}
  m_PrefabInstance: {fileID: 0}
  m_PrefabAsset: {fileID: 0}
  m_GameObject: {fileID: 1609362991757402971}
  serializedVersion: 2
  m_LocalRotation: {x: 0, y: 0, z: 0, w: 1}
  m_LocalPosition: {x: 0, y: 0, z: 0}
  m_LocalScale: {x: 1, y: 1, z: 1}
  m_ConstrainProportionsScale: 0
  m_Children:
  - {fileID: 6369830876211649940}
  m_Father: {fileID: 9213688279298095448}
  m_LocalEulerAnglesHint: {x: 0, y: 0, z: 0}
--- !u!114 &7556962645052885447
MonoBehaviour:
  m_ObjectHideFlags: 0
  m_CorrespondingSourceObject: {fileID: 0}
  m_PrefabInstance: {fileID: 0}
  m_PrefabAsset: {fileID: 0}
  m_GameObject: {fileID: 1609362991757402971}
  m_Enabled: 1
  m_EditorHideFlags: 0
  m_Script: {fileID: 11500000, guid: 94acdbe370715e542855d79c3a8f8cce, type: 3}
  m_Name: 
  m_EditorClassIdentifier: 
  m_StartState: {fileID: 3229785742764699563}
  m_AutoPlay: 1
  m_AutoRestart: 1
  m_UpdateType: 1
  m_DrawGizmo: 0
--- !u!1 &2255697599122313660
GameObject:
  m_ObjectHideFlags: 0
  m_CorrespondingSourceObject: {fileID: 0}
  m_PrefabInstance: {fileID: 0}
  m_PrefabAsset: {fileID: 0}
  serializedVersion: 6
  m_Component:
  - component: {fileID: 6579812382996771719}
  - component: {fileID: 3479452247285003814}
  - component: {fileID: 8031300729888236416}
  m_Layer: 8
  m_Name: Sprite
  m_TagString: Untagged
  m_Icon: {fileID: 0}
  m_NavMeshLayer: 0
  m_StaticEditorFlags: 0
  m_IsActive: 1
--- !u!4 &6579812382996771719
Transform:
  m_ObjectHideFlags: 0
  m_CorrespondingSourceObject: {fileID: 0}
  m_PrefabInstance: {fileID: 0}
  m_PrefabAsset: {fileID: 0}
  m_GameObject: {fileID: 2255697599122313660}
  serializedVersion: 2
  m_LocalRotation: {x: 0, y: 0, z: 0, w: 1}
  m_LocalPosition: {x: 0, y: 0, z: 0}
  m_LocalScale: {x: 0.5, y: 0.5, z: 0.5}
  m_ConstrainProportionsScale: 1
  m_Children: []
  m_Father: {fileID: 1892841159044099858}
  m_LocalEulerAnglesHint: {x: 0, y: 0, z: 0}
--- !u!212 &3479452247285003814
SpriteRenderer:
  m_ObjectHideFlags: 0
  m_CorrespondingSourceObject: {fileID: 0}
  m_PrefabInstance: {fileID: 0}
  m_PrefabAsset: {fileID: 0}
  m_GameObject: {fileID: 2255697599122313660}
  m_Enabled: 1
  m_CastShadows: 0
  m_ReceiveShadows: 0
  m_DynamicOccludee: 1
  m_StaticShadowCaster: 0
  m_MotionVectors: 1
  m_LightProbeUsage: 1
  m_ReflectionProbeUsage: 1
  m_RayTracingMode: 0
  m_RayTraceProcedural: 0
  m_RenderingLayerMask: 1
  m_RendererPriority: 0
  m_Materials:
  - {fileID: 10754, guid: 0000000000000000f000000000000000, type: 0}
  m_StaticBatchInfo:
    firstSubMesh: 0
    subMeshCount: 0
  m_StaticBatchRoot: {fileID: 0}
  m_ProbeAnchor: {fileID: 0}
  m_LightProbeVolumeOverride: {fileID: 0}
  m_ScaleInLightmap: 1
  m_ReceiveGI: 1
  m_PreserveUVs: 0
  m_IgnoreNormalsForChartDetection: 0
  m_ImportantGI: 0
  m_StitchLightmapSeams: 1
  m_SelectedEditorRenderState: 0
  m_MinimumChartSize: 4
  m_AutoUVMaxDistance: 0.5
  m_AutoUVMaxAngle: 89
  m_LightmapParameters: {fileID: 0}
  m_SortingLayerID: 0
  m_SortingLayer: 0
  m_SortingOrder: 0
  m_Sprite: {fileID: 21300000, guid: ec5a19bb5096db446a7ded6e5b606e3d, type: 3}
  m_Color: {r: 1, g: 1, b: 1, a: 1}
  m_FlipX: 0
  m_FlipY: 0
  m_DrawMode: 0
  m_Size: {x: 1, y: 1}
  m_AdaptiveModeThreshold: 0.5
  m_SpriteTileMode: 0
  m_WasSpriteAssigned: 1
  m_MaskInteraction: 0
  m_SpriteSortPoint: 0
--- !u!95 &8031300729888236416
Animator:
  serializedVersion: 5
  m_ObjectHideFlags: 0
  m_CorrespondingSourceObject: {fileID: 0}
  m_PrefabInstance: {fileID: 0}
  m_PrefabAsset: {fileID: 0}
  m_GameObject: {fileID: 2255697599122313660}
  m_Enabled: 1
  m_Avatar: {fileID: 0}
  m_Controller: {fileID: -5557629213236453487, guid: bf7b04082916f9045b9929d27aebfcd7, type: 3}
  m_CullingMode: 0
  m_UpdateMode: 0
  m_ApplyRootMotion: 0
  m_LinearVelocityBlending: 0
  m_StabilizeFeet: 0
  m_WarningMessage: 
  m_HasTransformHierarchy: 1
  m_AllowConstantClipSamplingOptimization: 1
  m_KeepAnimatorStateOnDisable: 0
  m_WriteDefaultValuesOnDisable: 0
--- !u!1 &2841708262479356380
GameObject:
  m_ObjectHideFlags: 0
  m_CorrespondingSourceObject: {fileID: 0}
  m_PrefabInstance: {fileID: 0}
  m_PrefabAsset: {fileID: 0}
  serializedVersion: 6
  m_Component:
  - component: {fileID: 866024312423295134}
  - component: {fileID: 5572623455132559094}
  m_Layer: 8
  m_Name: ShootPlayer3by3
  m_TagString: Untagged
  m_Icon: {fileID: 0}
  m_NavMeshLayer: 0
  m_StaticEditorFlags: 0
  m_IsActive: 1
--- !u!4 &866024312423295134
Transform:
  m_ObjectHideFlags: 0
  m_CorrespondingSourceObject: {fileID: 0}
  m_PrefabInstance: {fileID: 0}
  m_PrefabAsset: {fileID: 0}
  m_GameObject: {fileID: 2841708262479356380}
  serializedVersion: 2
  m_LocalRotation: {x: 0, y: 0, z: 0, w: 1}
  m_LocalPosition: {x: 0, y: 0, z: 0}
  m_LocalScale: {x: 1, y: 1, z: 1}
  m_ConstrainProportionsScale: 0
  m_Children: []
  m_Father: {fileID: 2024649155925818033}
  m_LocalEulerAnglesHint: {x: 0, y: 0, z: 0}
--- !u!114 &5572623455132559094
MonoBehaviour:
  m_ObjectHideFlags: 0
  m_CorrespondingSourceObject: {fileID: 0}
  m_PrefabInstance: {fileID: 0}
  m_PrefabAsset: {fileID: 0}
  m_GameObject: {fileID: 2841708262479356380}
  m_Enabled: 0
  m_EditorHideFlags: 0
  m_Script: {fileID: 11500000, guid: 8e7f12dd039361444aa26583899884b7, type: 3}
  m_Name: 
  m_EditorClassIdentifier: 
  m_Transitions:
  - rid: 6766302732861833219
  - rid: 6766302732861833229
  m_OnStateStarted:
    m_PersistentCalls:
      m_Calls: []
  m_OnStateFinished:
    m_PersistentCalls:
      m_Calls: []
  m_BulletId: EnemyBullet
  m_Pattern: {fileID: 11400000, guid: e6799213ee0a737419fb964ad5340905, type: 2}
  m_ShotOffset: 0.5
  m_ShotsNumber: {x: 4, y: 4}
  m_ShotDelay: {x: 0.1, y: 0.1}
  m_BurstNumber: {x: 3, y: 3}
  m_BurstDelay: {x: 2, y: 3}
  m_StartShotDelay: 1
  m_WaitForShootingEnd: 0
  m_GlueProjectiles: 0
  references:
    version: 2
    RefIds:
    - rid: 6766302732861833219
      type: {class: SimpleTransition, ns: , asm: Assembly-CSharp}
      data:
        m_NextState: {fileID: 0}
        m_Condition:
          rid: 6766302732861833220
    - rid: 6766302732861833220
      type: {class: TimerCondition, ns: , asm: Assembly-CSharp}
      data:
        m_Time: {x: 12, y: 20}
    - rid: 6766302732861833229
      type: {class: SimpleTransition, ns: , asm: Assembly-CSharp}
      data:
        m_NextState: {fileID: 4891872461323890246}
        m_Condition:
          rid: 6766302732861833230
    - rid: 6766302732861833230
      type: {class: IsOutsideCameraCondition, ns: , asm: Assembly-CSharp}
      data:
        m_Padding: 1
        m_Object: {fileID: 9213688279298095448}
--- !u!1 &3614440183528902360
GameObject:
  m_ObjectHideFlags: 0
  m_CorrespondingSourceObject: {fileID: 0}
  m_PrefabInstance: {fileID: 0}
  m_PrefabAsset: {fileID: 0}
  serializedVersion: 6
  m_Component:
  - component: {fileID: 1892841159044099858}
  m_Layer: 8
  m_Name: Visual
  m_TagString: Untagged
  m_Icon: {fileID: 0}
  m_NavMeshLayer: 0
  m_StaticEditorFlags: 0
  m_IsActive: 1
--- !u!4 &1892841159044099858
Transform:
  m_ObjectHideFlags: 0
  m_CorrespondingSourceObject: {fileID: 0}
  m_PrefabInstance: {fileID: 0}
  m_PrefabAsset: {fileID: 0}
  m_GameObject: {fileID: 3614440183528902360}
  serializedVersion: 2
  m_LocalRotation: {x: 0, y: 0, z: 0, w: 1}
  m_LocalPosition: {x: 0, y: 0, z: 0}
  m_LocalScale: {x: 1, y: 1, z: 1}
  m_ConstrainProportionsScale: 0
  m_Children:
  - {fileID: 6579812382996771719}
  m_Father: {fileID: 9213688279298095448}
  m_LocalEulerAnglesHint: {x: 0, y: 0, z: 0}
--- !u!1 &3704253409729878173
GameObject:
  m_ObjectHideFlags: 0
  m_CorrespondingSourceObject: {fileID: 0}
  m_PrefabInstance: {fileID: 0}
  m_PrefabAsset: {fileID: 0}
  serializedVersion: 6
  m_Component:
  - component: {fileID: 2024649155925818033}
  - component: {fileID: 6335454435919153710}
  m_Layer: 8
  m_Name: ShootingSM
  m_TagString: Untagged
  m_Icon: {fileID: 0}
  m_NavMeshLayer: 0
  m_StaticEditorFlags: 0
  m_IsActive: 1
--- !u!4 &2024649155925818033
Transform:
  m_ObjectHideFlags: 0
  m_CorrespondingSourceObject: {fileID: 0}
  m_PrefabInstance: {fileID: 0}
  m_PrefabAsset: {fileID: 0}
  m_GameObject: {fileID: 3704253409729878173}
  serializedVersion: 2
  m_LocalRotation: {x: 0, y: 0, z: 0, w: 1}
  m_LocalPosition: {x: 0, y: 0, z: 0}
  m_LocalScale: {x: 1, y: 1, z: 1}
  m_ConstrainProportionsScale: 0
  m_Children:
  - {fileID: 7747146552795570394}
  - {fileID: 866024312423295134}
  m_Father: {fileID: 9213688279298095448}
  m_LocalEulerAnglesHint: {x: 0, y: 0, z: 0}
--- !u!114 &6335454435919153710
MonoBehaviour:
  m_ObjectHideFlags: 0
  m_CorrespondingSourceObject: {fileID: 0}
  m_PrefabInstance: {fileID: 0}
  m_PrefabAsset: {fileID: 0}
  m_GameObject: {fileID: 3704253409729878173}
  m_Enabled: 1
  m_EditorHideFlags: 0
  m_Script: {fileID: 11500000, guid: 94acdbe370715e542855d79c3a8f8cce, type: 3}
  m_Name: 
  m_EditorClassIdentifier: 
  m_StartState: {fileID: 4891872461323890246}
  m_AutoPlay: 1
  m_AutoRestart: 1
  m_UpdateType: 2
  m_DrawGizmo: 0
--- !u!1 &5004895829958488645
GameObject:
  m_ObjectHideFlags: 0
  m_CorrespondingSourceObject: {fileID: 0}
  m_PrefabInstance: {fileID: 0}
  m_PrefabAsset: {fileID: 0}
  serializedVersion: 6
  m_Component:
  - component: {fileID: 1431073766154368222}
  - component: {fileID: 52501942594966054}
  m_Layer: 8
  m_Name: DamageSound
  m_TagString: Untagged
  m_Icon: {fileID: 0}
  m_NavMeshLayer: 0
  m_StaticEditorFlags: 0
  m_IsActive: 1
--- !u!4 &1431073766154368222
Transform:
  m_ObjectHideFlags: 0
  m_CorrespondingSourceObject: {fileID: 0}
  m_PrefabInstance: {fileID: 0}
  m_PrefabAsset: {fileID: 0}
  m_GameObject: {fileID: 5004895829958488645}
  serializedVersion: 2
  m_LocalRotation: {x: 0, y: 0, z: 0, w: 1}
  m_LocalPosition: {x: 0, y: 0, z: 0}
  m_LocalScale: {x: 1, y: 1, z: 1}
  m_ConstrainProportionsScale: 0
  m_Children: []
  m_Father: {fileID: 9213688279298095448}
  m_LocalEulerAnglesHint: {x: 0, y: 0, z: 0}
--- !u!114 &52501942594966054
MonoBehaviour:
  m_ObjectHideFlags: 0
  m_CorrespondingSourceObject: {fileID: 0}
  m_PrefabInstance: {fileID: 0}
  m_PrefabAsset: {fileID: 0}
  m_GameObject: {fileID: 5004895829958488645}
  m_Enabled: 1
  m_EditorHideFlags: 0
  m_Script: {fileID: 11500000, guid: 23fdb4ddcaa398e408590b0c88f09eb6, type: 3}
  m_Name: 
  m_EditorClassIdentifier: 
  m_PossibleSounds:
  - EnemyTakeDamage
--- !u!1 &5757524715666932739
GameObject:
  m_ObjectHideFlags: 0
  m_CorrespondingSourceObject: {fileID: 0}
  m_PrefabInstance: {fileID: 0}
  m_PrefabAsset: {fileID: 0}
  serializedVersion: 6
  m_Component:
  - component: {fileID: 330951619650046156}
  - component: {fileID: 7402389508659904193}
  m_Layer: 8
  m_Name: DespawnSM
  m_TagString: Untagged
  m_Icon: {fileID: 0}
  m_NavMeshLayer: 0
  m_StaticEditorFlags: 0
  m_IsActive: 1
--- !u!4 &330951619650046156
Transform:
  m_ObjectHideFlags: 0
  m_CorrespondingSourceObject: {fileID: 0}
  m_PrefabInstance: {fileID: 0}
  m_PrefabAsset: {fileID: 0}
  m_GameObject: {fileID: 5757524715666932739}
  serializedVersion: 2
  m_LocalRotation: {x: 0, y: 0, z: 0, w: 1}
  m_LocalPosition: {x: 0, y: 0, z: 0}
  m_LocalScale: {x: 1, y: 1, z: 1}
  m_ConstrainProportionsScale: 0
  m_Children:
  - {fileID: 5849045391223202137}
  - {fileID: 9169587443344773594}
  m_Father: {fileID: 9213688279298095448}
  m_LocalEulerAnglesHint: {x: 0, y: 0, z: 0}
--- !u!114 &7402389508659904193
MonoBehaviour:
  m_ObjectHideFlags: 0
  m_CorrespondingSourceObject: {fileID: 0}
  m_PrefabInstance: {fileID: 0}
  m_PrefabAsset: {fileID: 0}
  m_GameObject: {fileID: 5757524715666932739}
  m_Enabled: 1
  m_EditorHideFlags: 0
  m_Script: {fileID: 11500000, guid: 94acdbe370715e542855d79c3a8f8cce, type: 3}
  m_Name: 
  m_EditorClassIdentifier: 
  m_StartState: {fileID: 3389437184665344465}
  m_AutoPlay: 1
  m_AutoRestart: 0
  m_UpdateType: 2
  m_DrawGizmo: 0
--- !u!1 &6382975308016786736
GameObject:
  m_ObjectHideFlags: 0
  m_CorrespondingSourceObject: {fileID: 0}
  m_PrefabInstance: {fileID: 0}
  m_PrefabAsset: {fileID: 0}
  serializedVersion: 6
  m_Component:
  - component: {fileID: 782388013602606075}
  - component: {fileID: 329707140432796518}
  m_Layer: 8
  m_Name: EnemyDead
  m_TagString: Untagged
  m_Icon: {fileID: 0}
  m_NavMeshLayer: 0
  m_StaticEditorFlags: 0
  m_IsActive: 1
--- !u!4 &782388013602606075
Transform:
  m_ObjectHideFlags: 0
  m_CorrespondingSourceObject: {fileID: 0}
  m_PrefabInstance: {fileID: 0}
  m_PrefabAsset: {fileID: 0}
  m_GameObject: {fileID: 6382975308016786736}
  serializedVersion: 2
  m_LocalRotation: {x: 0, y: 0, z: 0, w: 1}
  m_LocalPosition: {x: 0, y: 0, z: 0}
  m_LocalScale: {x: 1, y: 1, z: 1}
  m_ConstrainProportionsScale: 0
  m_Children: []
  m_Father: {fileID: 9213688279298095448}
  m_LocalEulerAnglesHint: {x: 0, y: 0, z: 0}
--- !u!114 &329707140432796518
MonoBehaviour:
  m_ObjectHideFlags: 0
  m_CorrespondingSourceObject: {fileID: 0}
  m_PrefabInstance: {fileID: 0}
  m_PrefabAsset: {fileID: 0}
  m_GameObject: {fileID: 6382975308016786736}
  m_Enabled: 1
  m_EditorHideFlags: 0
  m_Script: {fileID: 11500000, guid: 23fdb4ddcaa398e408590b0c88f09eb6, type: 3}
  m_Name: 
  m_EditorClassIdentifier: 
  m_PossibleSounds:
  - EnemyDeath
--- !u!1 &6485470668366447430
GameObject:
  m_ObjectHideFlags: 0
  m_CorrespondingSourceObject: {fileID: 0}
  m_PrefabInstance: {fileID: 0}
  m_PrefabAsset: {fileID: 0}
  serializedVersion: 6
  m_Component:
  - component: {fileID: 9169587443344773594}
  - component: {fileID: 3136760950672690675}
  m_Layer: 8
  m_Name: Despawn
  m_TagString: Untagged
  m_Icon: {fileID: 0}
  m_NavMeshLayer: 0
  m_StaticEditorFlags: 0
  m_IsActive: 1
--- !u!4 &9169587443344773594
Transform:
  m_ObjectHideFlags: 0
  m_CorrespondingSourceObject: {fileID: 0}
  m_PrefabInstance: {fileID: 0}
  m_PrefabAsset: {fileID: 0}
  m_GameObject: {fileID: 6485470668366447430}
  serializedVersion: 2
  m_LocalRotation: {x: 0, y: 0, z: 0, w: 1}
  m_LocalPosition: {x: 0, y: 0, z: 0}
  m_LocalScale: {x: 1, y: 1, z: 1}
  m_ConstrainProportionsScale: 0
  m_Children: []
  m_Father: {fileID: 330951619650046156}
  m_LocalEulerAnglesHint: {x: 0, y: 0, z: 0}
--- !u!114 &3136760950672690675
MonoBehaviour:
  m_ObjectHideFlags: 0
  m_CorrespondingSourceObject: {fileID: 0}
  m_PrefabInstance: {fileID: 0}
  m_PrefabAsset: {fileID: 0}
  m_GameObject: {fileID: 6485470668366447430}
  m_Enabled: 0
  m_EditorHideFlags: 0
  m_Script: {fileID: 11500000, guid: 360334294282f214b8c7bfa92b81faed, type: 3}
  m_Name: 
  m_EditorClassIdentifier: 
  m_Transitions: []
  m_OnStateStarted:
    m_PersistentCalls:
      m_Calls:
      - m_Target: {fileID: 9088465920937533866}
        m_TargetAssemblyTypeName: LiveComponent, Assembly-CSharp
        m_MethodName: DestroyOwnerObject
        m_Mode: 1
        m_Arguments:
          m_ObjectArgument: {fileID: 0}
          m_ObjectArgumentAssemblyTypeName: UnityEngine.Object, UnityEngine
          m_IntArgument: 0
          m_FloatArgument: 0
          m_StringArgument: 
          m_BoolArgument: 0
        m_CallState: 2
  m_OnStateFinished:
    m_PersistentCalls:
      m_Calls: []
  references:
    version: 2
    RefIds: []
--- !u!1 &6541737940141821245
GameObject:
  m_ObjectHideFlags: 0
  m_CorrespondingSourceObject: {fileID: 0}
  m_PrefabInstance: {fileID: 0}
  m_PrefabAsset: {fileID: 0}
  serializedVersion: 6
  m_Component:
  - component: {fileID: 6674725020335942520}
  - component: {fileID: 3423784401028164013}
  - component: {fileID: 405387523364815082}
  m_Layer: 10
  m_Name: DamageCollision
  m_TagString: Untagged
  m_Icon: {fileID: 0}
  m_NavMeshLayer: 0
  m_StaticEditorFlags: 0
  m_IsActive: 1
--- !u!4 &6674725020335942520
Transform:
  m_ObjectHideFlags: 0
  m_CorrespondingSourceObject: {fileID: 0}
  m_PrefabInstance: {fileID: 0}
  m_PrefabAsset: {fileID: 0}
  m_GameObject: {fileID: 6541737940141821245}
  serializedVersion: 2
  m_LocalRotation: {x: 0, y: 0, z: 0, w: 1}
  m_LocalPosition: {x: 0, y: 0, z: 0}
  m_LocalScale: {x: 1, y: 1, z: 1}
  m_ConstrainProportionsScale: 0
  m_Children: []
  m_Father: {fileID: 9213688279298095448}
  m_LocalEulerAnglesHint: {x: 0, y: 0, z: 0}
--- !u!114 &3423784401028164013
MonoBehaviour:
  m_ObjectHideFlags: 0
  m_CorrespondingSourceObject: {fileID: 0}
  m_PrefabInstance: {fileID: 0}
  m_PrefabAsset: {fileID: 0}
  m_GameObject: {fileID: 6541737940141821245}
  m_Enabled: 1
  m_EditorHideFlags: 0
  m_Script: {fileID: 11500000, guid: 95e495c18e539844194d3365a32bc066, type: 3}
  m_Name: 
  m_EditorClassIdentifier: 
  m_Damage: 2
  m_OnHit:
    m_PersistentCalls:
      m_Calls: []
  m_DamagePeriod: 0
  m_OnlyReportLiveHits: 0
--- !u!58 &405387523364815082
CircleCollider2D:
  m_ObjectHideFlags: 0
  m_CorrespondingSourceObject: {fileID: 0}
  m_PrefabInstance: {fileID: 0}
  m_PrefabAsset: {fileID: 0}
  m_GameObject: {fileID: 6541737940141821245}
  m_Enabled: 1
  m_Density: 1
  m_Material: {fileID: 0}
  m_IncludeLayers:
    serializedVersion: 2
    m_Bits: 0
  m_ExcludeLayers:
    serializedVersion: 2
    m_Bits: 0
  m_LayerOverridePriority: 0
  m_ForceSendLayers:
    serializedVersion: 2
    m_Bits: 4294967295
  m_ForceReceiveLayers:
    serializedVersion: 2
    m_Bits: 4294967295
  m_ContactCaptureLayers:
    serializedVersion: 2
    m_Bits: 4294967295
  m_CallbackLayers:
    serializedVersion: 2
    m_Bits: 4294967295
  m_IsTrigger: 1
  m_UsedByEffector: 0
  m_UsedByComposite: 0
  m_Offset: {x: 0, y: 0}
  serializedVersion: 2
  m_Radius: 0.2
--- !u!1 &6546252887808477038
GameObject:
  m_ObjectHideFlags: 0
  m_CorrespondingSourceObject: {fileID: 0}
  m_PrefabInstance: {fileID: 0}
  m_PrefabAsset: {fileID: 0}
  serializedVersion: 6
  m_Component:
  - component: {fileID: 5849045391223202137}
  - component: {fileID: 3389437184665344465}
  m_Layer: 8
  m_Name: Idle
  m_TagString: Untagged
  m_Icon: {fileID: 0}
  m_NavMeshLayer: 0
  m_StaticEditorFlags: 0
  m_IsActive: 1
--- !u!4 &5849045391223202137
Transform:
  m_ObjectHideFlags: 0
  m_CorrespondingSourceObject: {fileID: 0}
  m_PrefabInstance: {fileID: 0}
  m_PrefabAsset: {fileID: 0}
  m_GameObject: {fileID: 6546252887808477038}
  serializedVersion: 2
  m_LocalRotation: {x: 0, y: 0, z: 0, w: 1}
  m_LocalPosition: {x: 0, y: 0, z: 0}
  m_LocalScale: {x: 1, y: 1, z: 1}
  m_ConstrainProportionsScale: 0
  m_Children: []
  m_Father: {fileID: 330951619650046156}
  m_LocalEulerAnglesHint: {x: 0, y: 0, z: 0}
--- !u!114 &3389437184665344465
MonoBehaviour:
  m_ObjectHideFlags: 0
  m_CorrespondingSourceObject: {fileID: 0}
  m_PrefabInstance: {fileID: 0}
  m_PrefabAsset: {fileID: 0}
  m_GameObject: {fileID: 6546252887808477038}
  m_Enabled: 0
  m_EditorHideFlags: 0
  m_Script: {fileID: 11500000, guid: 360334294282f214b8c7bfa92b81faed, type: 3}
  m_Name: 
  m_EditorClassIdentifier: 
  m_Transitions:
  - rid: 6766302732861833231
  m_OnStateStarted:
    m_PersistentCalls:
      m_Calls: []
  m_OnStateFinished:
    m_PersistentCalls:
      m_Calls: []
  references:
    version: 2
    RefIds:
    - rid: 6766302732861833231
      type: {class: SimpleTransition, ns: , asm: Assembly-CSharp}
      data:
        m_NextState: {fileID: 3136760950672690675}
        m_Condition:
          rid: 6766302732861833232
    - rid: 6766302732861833232
      type: {class: IsOnCameraSideCondition, ns: , asm: Assembly-CSharp}
      data:
        m_Side: 3
        m_Padding: 5
        m_Object: {fileID: 9213688279298095448}
--- !u!1 &6770554713355549687
GameObject:
  m_ObjectHideFlags: 0
  m_CorrespondingSourceObject: {fileID: 0}
  m_PrefabInstance: {fileID: 0}
  m_PrefabAsset: {fileID: 0}
  serializedVersion: 6
  m_Component:
  - component: {fileID: 6369830876211649940}
  - component: {fileID: 3229785742764699563}
  m_Layer: 8
  m_Name: BasicMovementState
  m_TagString: Untagged
  m_Icon: {fileID: 0}
  m_NavMeshLayer: 0
  m_StaticEditorFlags: 0
  m_IsActive: 1
--- !u!4 &6369830876211649940
Transform:
  m_ObjectHideFlags: 0
  m_CorrespondingSourceObject: {fileID: 0}
  m_PrefabInstance: {fileID: 0}
  m_PrefabAsset: {fileID: 0}
  m_GameObject: {fileID: 6770554713355549687}
  serializedVersion: 2
  m_LocalRotation: {x: 0, y: 0, z: 0, w: 1}
  m_LocalPosition: {x: 0, y: 0, z: 0}
  m_LocalScale: {x: 1, y: 1, z: 1}
  m_ConstrainProportionsScale: 0
  m_Children: []
  m_Father: {fileID: 4978159417215700319}
  m_LocalEulerAnglesHint: {x: 0, y: 0, z: 0}
--- !u!114 &3229785742764699563
MonoBehaviour:
  m_ObjectHideFlags: 0
  m_CorrespondingSourceObject: {fileID: 0}
  m_PrefabInstance: {fileID: 0}
  m_PrefabAsset: {fileID: 0}
  m_GameObject: {fileID: 6770554713355549687}
  m_Enabled: 0
  m_EditorHideFlags: 0
  m_Script: {fileID: 11500000, guid: 4099e192fbe828c4a822e2ee0d8bfc32, type: 3}
  m_Name: 
  m_EditorClassIdentifier: 
  m_Transitions: []
  m_OnStateStarted:
    m_PersistentCalls:
      m_Calls: []
  m_OnStateFinished:
    m_PersistentCalls:
      m_Calls: []
  m_Steering:
  - m_Acceleration:
      rid: 6766302732861833218
    m_Weight: 0.655
  - m_Acceleration:
      rid: 6766302732861833224
    m_Weight: 0.742
  - m_Acceleration:
      rid: 6766302732861833225
    m_Weight: 1
  - m_Acceleration:
      rid: 6766302732861833233
    m_Weight: 1
  m_Transform: {fileID: 9213688279298095448}
  m_MaxSpeed: 3
  m_MaxAcceleration: 10
  m_InactivityTraction: 10
  references:
    version: 2
    RefIds:
    - rid: 6766302732861833218
      type: {class: FleePlayerAcceleration, ns: , asm: Assembly-CSharp}
      data:
        m_FleeRadius: 5
        m_HardFleeRadius: 3
    - rid: 6766302732861833224
      type: {class: DirectionalAcceleration, ns: , asm: Assembly-CSharp}
      data:
        m_Direction: {x: 0, y: -1}
    - rid: 6766302732861833225
      type: {class: SinAcceleration, ns: , asm: Assembly-CSharp}
      data:
        m_Direction: {x: 0, y: -1}
        m_Amplitude: 4
        m_Speed: 1
        m_SeekingRadius: 0.5
    - rid: 6766302732861833233
      type: {class: StayInCameraAcceleration, ns: , asm: Assembly-CSharp}
      data:
        m_CameraAxis: 0
        m_Padding: 1
--- !u!1 &8141210964669491375
GameObject:
  m_ObjectHideFlags: 0
  m_CorrespondingSourceObject: {fileID: 0}
  m_PrefabInstance: {fileID: 0}
  m_PrefabAsset: {fileID: 0}
  serializedVersion: 6
  m_Component:
  - component: {fileID: 9213688279298095448}
  - component: {fileID: 6147237837074865320}
  - component: {fileID: 6898377093357269820}
  - component: {fileID: 9088465920937533866}
  - component: {fileID: 7083387471129863611}
  m_Layer: 8
  m_Name: TopDownBulletEnemy1
  m_TagString: Untagged
  m_Icon: {fileID: 0}
  m_NavMeshLayer: 0
  m_StaticEditorFlags: 0
  m_IsActive: 1
--- !u!4 &9213688279298095448
Transform:
  m_ObjectHideFlags: 0
  m_CorrespondingSourceObject: {fileID: 0}
  m_PrefabInstance: {fileID: 0}
  m_PrefabAsset: {fileID: 0}
  m_GameObject: {fileID: 8141210964669491375}
  serializedVersion: 2
  m_LocalRotation: {x: 0, y: 0, z: 0, w: 1}
  m_LocalPosition: {x: -4.16, y: 2.49, z: 0}
  m_LocalScale: {x: 1, y: 1, z: 1}
  m_ConstrainProportionsScale: 0
  m_Children:
  - {fileID: 1892841159044099858}
  - {fileID: 4978159417215700319}
  - {fileID: 2024649155925818033}
  - {fileID: 330951619650046156}
  - {fileID: 6674725020335942520}
  - {fileID: 1431073766154368222}
  - {fileID: 782388013602606075}
  m_Father: {fileID: 0}
  m_LocalEulerAnglesHint: {x: 0, y: 0, z: 0}
--- !u!58 &6147237837074865320
CircleCollider2D:
  m_ObjectHideFlags: 0
  m_CorrespondingSourceObject: {fileID: 0}
  m_PrefabInstance: {fileID: 0}
  m_PrefabAsset: {fileID: 0}
  m_GameObject: {fileID: 8141210964669491375}
  m_Enabled: 1
  m_Density: 1
  m_Material: {fileID: 0}
  m_IncludeLayers:
    serializedVersion: 2
    m_Bits: 0
  m_ExcludeLayers:
    serializedVersion: 2
    m_Bits: 0
  m_LayerOverridePriority: 0
  m_ForceSendLayers:
    serializedVersion: 2
    m_Bits: 4294967295
  m_ForceReceiveLayers:
    serializedVersion: 2
    m_Bits: 4294967295
  m_ContactCaptureLayers:
    serializedVersion: 2
    m_Bits: 4294967295
  m_CallbackLayers:
    serializedVersion: 2
    m_Bits: 4294967295
  m_IsTrigger: 1
  m_UsedByEffector: 0
  m_UsedByComposite: 0
  m_Offset: {x: 0, y: 0}
  serializedVersion: 2
  m_Radius: 0.3
--- !u!50 &6898377093357269820
Rigidbody2D:
  serializedVersion: 4
  m_ObjectHideFlags: 0
  m_CorrespondingSourceObject: {fileID: 0}
  m_PrefabInstance: {fileID: 0}
  m_PrefabAsset: {fileID: 0}
  m_GameObject: {fileID: 8141210964669491375}
  m_BodyType: 1
  m_Simulated: 1
  m_UseFullKinematicContacts: 0
  m_UseAutoMass: 0
  m_Mass: 1
  m_LinearDrag: 0
  m_AngularDrag: 0.05
  m_GravityScale: 1
  m_Material: {fileID: 0}
  m_IncludeLayers:
    serializedVersion: 2
    m_Bits: 0
  m_ExcludeLayers:
    serializedVersion: 2
    m_Bits: 0
  m_Interpolate: 0
  m_SleepingMode: 1
  m_CollisionDetection: 0
  m_Constraints: 4
--- !u!114 &9088465920937533866
MonoBehaviour:
  m_ObjectHideFlags: 0
  m_CorrespondingSourceObject: {fileID: 0}
  m_PrefabInstance: {fileID: 0}
  m_PrefabAsset: {fileID: 0}
  m_GameObject: {fileID: 8141210964669491375}
  m_Enabled: 1
  m_EditorHideFlags: 0
  m_Script: {fileID: 11500000, guid: 0e070e703faffcb43b62ad45261ae14a, type: 3}
  m_Name: 
  m_EditorClassIdentifier: 
  m_HP: 2
  m_IceframesOnDamage: 0
  m_Iceframes: {fileID: 0}
  m_OnDamageRecieved:
    m_PersistentCalls:
      m_Calls:
      - m_Target: {fileID: 52501942594966054}
        m_TargetAssemblyTypeName: SoundPoint, Assembly-CSharp
        m_MethodName: PlaySound
        m_Mode: 1
        m_Arguments:
          m_ObjectArgument: {fileID: 0}
          m_ObjectArgumentAssemblyTypeName: UnityEngine.Object, UnityEngine
          m_IntArgument: 0
          m_FloatArgument: 0
          m_StringArgument: 
          m_BoolArgument: 0
        m_CallState: 2
  m_OnHealed:
    m_PersistentCalls:
      m_Calls: []
  m_OnDead:
    m_PersistentCalls:
      m_Calls:
      - m_Target: {fileID: 7083387471129863611}
        m_TargetAssemblyTypeName: RandomSpawner, Assembly-CSharp
        m_MethodName: SimpleSpawnObject
        m_Mode: 1
        m_Arguments:
          m_ObjectArgument: {fileID: 0}
          m_ObjectArgumentAssemblyTypeName: UnityEngine.Object, UnityEngine
          m_IntArgument: 0
          m_FloatArgument: 0
          m_StringArgument: 
          m_BoolArgument: 0
        m_CallState: 2
      - m_Target: {fileID: 9088465920937533866}
        m_TargetAssemblyTypeName: LiveComponent, Assembly-CSharp
        m_MethodName: DestroyOwnerObject
        m_Mode: 1
        m_Arguments:
          m_ObjectArgument: {fileID: 0}
          m_ObjectArgumentAssemblyTypeName: UnityEngine.Object, UnityEngine
          m_IntArgument: 0
          m_FloatArgument: 0
          m_StringArgument: 
          m_BoolArgument: 0
        m_CallState: 2
      - m_Target: {fileID: 329707140432796518}
        m_TargetAssemblyTypeName: SoundPoint, Assembly-CSharp
        m_MethodName: PlaySound
        m_Mode: 1
        m_Arguments:
          m_ObjectArgument: {fileID: 0}
          m_ObjectArgumentAssemblyTypeName: UnityEngine.Object, UnityEngine
          m_IntArgument: 0
          m_FloatArgument: 0
          m_StringArgument: 
          m_BoolArgument: 0
        m_CallState: 2
  m_OnEnteredGodmode:
    m_PersistentCalls:
      m_Calls: []
  m_OnExitGodmode:
    m_PersistentCalls:
      m_Calls: []
--- !u!114 &7083387471129863611
MonoBehaviour:
  m_ObjectHideFlags: 0
  m_CorrespondingSourceObject: {fileID: 0}
  m_PrefabInstance: {fileID: 0}
  m_PrefabAsset: {fileID: 0}
  m_GameObject: {fileID: 8141210964669491375}
  m_Enabled: 1
  m_EditorHideFlags: 0
  m_Script: {fileID: 11500000, guid: 1ffc3a5661f156141a9f47ce083b504e, type: 3}
  m_Name: 
  m_EditorClassIdentifier: 
  m_SpawnObject:
  - m_SpawnObject: {fileID: 6730694825194144475, guid: 4f803384f1d8a0e44b9b3194228887e0, type: 3}
    m_Weight: 0.05
  - m_SpawnObject: {fileID: 4661980692365461025, guid: bf30eee8891a69342bbce3488384a1ce, type: 3}
    m_Weight: 0.1
  - m_SpawnObject: {fileID: 6220138563214629604, guid: 78fbe76e003cf044aa40fdfac937efa3, type: 3}
    m_Weight: 0.1
  - m_SpawnObject: {fileID: 0}
    m_Weight: 1
  m_Parent: {fileID: 0}
  m_UseParentParameters: 0
--- !u!1 &8943063622052547835
GameObject:
  m_ObjectHideFlags: 0
  m_CorrespondingSourceObject: {fileID: 0}
  m_PrefabInstance: {fileID: 0}
  m_PrefabAsset: {fileID: 0}
  serializedVersion: 6
  m_Component:
  - component: {fileID: 7747146552795570394}
  - component: {fileID: 4891872461323890246}
  m_Layer: 8
  m_Name: Idle
  m_TagString: Untagged
  m_Icon: {fileID: 0}
  m_NavMeshLayer: 0
  m_StaticEditorFlags: 0
  m_IsActive: 1
--- !u!4 &7747146552795570394
Transform:
  m_ObjectHideFlags: 0
  m_CorrespondingSourceObject: {fileID: 0}
  m_PrefabInstance: {fileID: 0}
  m_PrefabAsset: {fileID: 0}
  m_GameObject: {fileID: 8943063622052547835}
  serializedVersion: 2
  m_LocalRotation: {x: 0, y: 0, z: 0, w: 1}
  m_LocalPosition: {x: 0, y: 0, z: 0}
  m_LocalScale: {x: 1, y: 1, z: 1}
  m_ConstrainProportionsScale: 0
  m_Children: []
  m_Father: {fileID: 2024649155925818033}
  m_LocalEulerAnglesHint: {x: 0, y: 0, z: 0}
--- !u!114 &4891872461323890246
MonoBehaviour:
  m_ObjectHideFlags: 0
  m_CorrespondingSourceObject: {fileID: 0}
  m_PrefabInstance: {fileID: 0}
  m_PrefabAsset: {fileID: 0}
  m_GameObject: {fileID: 8943063622052547835}
  m_Enabled: 0
  m_EditorHideFlags: 0
  m_Script: {fileID: 11500000, guid: 360334294282f214b8c7bfa92b81faed, type: 3}
  m_Name: 
  m_EditorClassIdentifier: 
  m_Transitions:
  - rid: 6766302732861833226
  m_OnStateStarted:
    m_PersistentCalls:
      m_Calls: []
  m_OnStateFinished:
    m_PersistentCalls:
      m_Calls: []
  references:
    version: 2
    RefIds:
    - rid: 6766302732861833226
      type: {class: SimpleTransition, ns: , asm: Assembly-CSharp}
      data:
        m_NextState: {fileID: 5572623455132559094}
        m_Condition:
          rid: 6766302732861833228
    - rid: 6766302732861833228
      type: {class: IsInsideCameraCondition, ns: , asm: Assembly-CSharp}
      data:
        m_Padding: 0
        m_Object: {fileID: 9213688279298095448}
